@misc{guardian,
	key="The Guardian",
	title = {{The Game of Life: a beginner's guide}},
	Note = "{\hspace*{\fill}\linebreak[4]\url{https://www.theguardian.com/science/alexs-adventures-in-numberland/2014/dec/15/the-game-of-life-a-beginners-guide}\linebreak[4]Website accessed 01st November, 2018}",
	year = {2014}
}

@misc{callahan,
	key="Paul Callahan",
	title = {{What is the Game of Life?}},
	Note = "{\hspace*{\fill}\linebreak[4]\url{http://www.math.com/students/wonders/life/life.html}\linebreak[4]Website accessed 01st November, 2018}",
	year = {2018}
}

@misc{kelmendi,
	key="Dhurim Kelmendi",
	title = {{SOLID Principles made easy}},
	Note = "{\hspace*{\fill}\linebreak[4]\url{https://hackernoon.com/solid-principles-made-easy-67b1246bcdf}\linebreak[4]Website accessed 03rd November, 2018}",
	year = {2017}
}

@misc{microsoft,
	key="Microsoft",
	title = {{C\# Coding Conventions (C\# Programming Guide)}},
	Note = "{\hspace*{\fill}\linebreak[4]\url{https://docs.microsoft.com/en-us/dotnet/csharp/programming-guide/inside-a-program/coding-conventions}\linebreak[4]Website accessed 03rd November, 2018}",
	year = {2015}
}

@misc{rproject,
	key="RProject",
	title = {{R Project for Statistical Computing}},
	Note = "{\hspace*{\fill}\linebreak[4]\url{http://www.r-project.org/}\linebreak[4]Website accessed 14th October, 2010}",
	year = {2010}
}

@article{knuth,
	author = {Donald Knuth},
	title = {Computer Programming as an Art},
	journal = {ACM},
	issue_date = {December 1974},
	pages = {671},
	year = {1974},
}

@misc{belwariar,
	key="Rachit Belwariar",
	title = {{A* Search Algorithm}},
	Note = "{\hspace*{\fill}\linebreak[4]\url{https://www.geeksforgeeks.org/a-search-algorithm/}\linebreak[4]Website accessed 14th November, 2018}",
	year = {2018}
}

@article{box1958note,
  title={A note on the generation of random normal deviates},
  author={Box, George EP},
  journal={Ann. Math. Stat.},
  volume={29},
  pages={610--611},
  year={1958}
}

@misc{grand,
	key="Steve Grand",
	title = {{Artificial Life}},
	Note = "{\hspace*{\fill}\linebreak[4]\url{https://www.britannica.com/technology/artificial-life}\linebreak[4]Website accessed 16th January, 2018}",
	year = {2018}
}